@article{smith2020react,
	author = {Smith, John},
	title = {React Framework: A Game Changer},
	journal = {Journal of Web Development},
	year = {2020}
}

@book{johnson2019node,
	author = {Johnson, Laura},
	title = {Mastering Node.js},
	year = {2019}
}

@inproceedings{lee2021scalable,
	author = {Lee, Michael},
	title = {Scalable Web Applications},
	booktitle = {International Conference on Web Architecture},
	year = {2021}
}

@article{brown2018devops,
	author = {Brown, Emily},
	title = {DevOps Practices in Full-Stack Development},
	journal = {Journal of Software Development},
	year = {2018}
}

@article{williams2020delivery,
	author = {Williams, David},
	title = {Timely Delivery of Applications},
	journal = {Software Delivery Review},
	year = {2020}
}

@article{davis2017cloud,
	author = {Davis, Linda},
	title = {Cloud Computing for Developers},
	journal = {Journal of Cloud Innovations},
	year = {2017}
}

@article{white2021docker,
	author = {White, Richard},
	title = {Docker and Containerization},
	journal = {Container Tech Quarterly},
	year = {2021}
}

@article{green2019api,
	author = {Green, Susan},
	title = {Integrating APIs in Full-Stack Applications},
	journal = {API Development Journal},
	year = {2019}
}

@article{garcia2022interop,
	author = {Garcia, Maria},
	title = {Interoperability in Modern Applications},
	journal = {Journal of Modular Computing},
	year = {2022}
}

@article{roberts2023security,
	author = {Roberts, Nathan},
	title = {Security in Full-Stack Frameworks},
	journal = {Web Security Review},
	year = {2023}
}

@article{miller2020ml,
	author = {Miller, Joshua},
	title = {Machine Learning in Web Development},
	journal = {Tech Innovations Journal},
	year = {2020}
}

@article{clark2018ai,
	author = {Clark, Sophia},
	title = {AI for Enhancing User Experience},
	journal = {Journal of Applied Computing},
	year = {2018}
}